<?xml version="1.0" encoding="UTF-8"?><collection xmlns="http://www.loc.gov/MARC21/slim"><record><leader>00402nam--2200133-i-4500</leader><controlfield tag="001">000011449</controlfield><controlfield tag="002">20161230</controlfield><controlfield tag="005">20161230201029</controlfield><controlfield tag="008">060222s1000------------r-----000-0-eng-d</controlfield><datafield ind1=" " ind2=" " tag="080"><subfield code="a">621.375.826(043)</subfield></datafield><datafield ind1=" " ind2=" " tag="100"><subfield code="a">Buchtemann, Wolf</subfield></datafield><datafield ind1=" " ind2=" " tag="245"><subfield code="a">Zur depolarisation eines laserstrahls in der a tmosphare.dissertation</subfield></datafield><datafield ind1=" " ind2=" " tag="260"><subfield code="a">Stuttgart, Eberhard-karls-universitat Zu Tubin Gen, 1974. 61 P</subfield></datafield><datafield ind1=" " ind2=" " tag="852"><subfield code="a">42488</subfield></datafield></record></collection>